<marcxml:record xmlns:xlink="http://www.w3.org/1999/xlink" xmlns:marcxml="http://www.loc.gov/MARC21/slim" xmlns:rdf="http://www.w3.org/1999/02/22-rdf-syntax-ns#" xmlns:madsrdf="http://www.loc.gov/mads/rdf/v1#" xmlns:ri="http://id.loc.gov/ontologies/RecordInfo#" xmlns:xsi="http://www.w3.org/2001/XMLSchema-instance" xmlns:mets="http://www.loc.gov/METS/">
	    <marcxml:leader>00841cz  a2200181n  4500</marcxml:leader>
	    <marcxml:controlfield tag="001">n88218900</marcxml:controlfield>
	    <marcxml:controlfield tag="003">DLC</marcxml:controlfield>
	    <marcxml:controlfield tag="005">19890222071833.5</marcxml:controlfield>
      <marcxml:controlfield tag="005">20060823051957.0</marcxml:controlfield>
	    <marcxml:controlfield tag="008">890119nnbacannaab           |a aaa    ##</marcxml:controlfield>
	    <marcxml:datafield tag="010" ind1=" " ind2=" ">
    <marcxml:subfield code="a">n  88218900 </marcxml:subfield>
  </marcxml:datafield>
	    <marcxml:datafield tag="035" ind1="7" ind2=" ">
    <marcxml:subfield code="a">n  88218900</marcxml:subfield>
    <marcxml:subfield code="2">DLC</marcxml:subfield>
  </marcxml:datafield>
	    <marcxml:datafield tag="040" ind1=" " ind2=" ">
    <marcxml:subfield code="a">DLC</marcxml:subfield>
    <marcxml:subfield code="c">DLC</marcxml:subfield>
    <marcxml:subfield code="d">DLC</marcxml:subfield>
    <marcxml:subfield code="e">AACR2</marcxml:subfield>
  </marcxml:datafield>
	<marcxml:datafield tag="046" ind1=" " ind2=" ">
		<marcxml:subfield code="f">18990101</marcxml:subfield>
		<marcxml:subfield code="g">19611201</marcxml:subfield>
	</marcxml:datafield>
  <marcxml:datafield tag="370" ind1=" " ind2=" ">
    <marcxml:subfield code="a">Montana</marcxml:subfield>
    <marcxml:subfield code="c">USA</marcxml:subfield>
    <marcxml:subfield code="e">Oregon</marcxml:subfield>
    <marcxml:subfield code="f">California</marcxml:subfield>
    <marcxml:subfield code="s">18990101</marcxml:subfield>
    <marcxml:subfield code="t">19611201</marcxml:subfield>
    <marcxml:subfield code="2">DLC</marcxml:subfield>
    <marcxml:subfield code="u">http://dlc.source</marcxml:subfield>
  </marcxml:datafield>
  <marcxml:datafield tag="370" ind1=" " ind2=" ">
    <marcxml:subfield code="b">Wyoming</marcxml:subfield>
    <marcxml:subfield code="s">19611201</marcxml:subfield>
    <marcxml:subfield code="2">DLC</marcxml:subfield>
    <marcxml:subfield code="u">http://dlc.source</marcxml:subfield>
  </marcxml:datafield>
  <marcxml:datafield tag="372" ind1=" " ind2=" ">
    <marcxml:subfield code="a">Art</marcxml:subfield>
    <marcxml:subfield code="s">18990101</marcxml:subfield>
    <marcxml:subfield code="t">19611201</marcxml:subfield>
    <marcxml:subfield code="2">DLC</marcxml:subfield>
    <marcxml:subfield code="u">http://dlc.source</marcxml:subfield>
  </marcxml:datafield>
  <marcxml:datafield tag="374" ind1=" " ind2=" ">
    <marcxml:subfield code="a">Painter</marcxml:subfield>
    <marcxml:subfield code="s">18990101</marcxml:subfield>
    <marcxml:subfield code="t">19611201</marcxml:subfield>
    <marcxml:subfield code="2">DLC</marcxml:subfield>
    <marcxml:subfield code="u">http://dlc.source</marcxml:subfield>
  </marcxml:datafield>
  <marcxml:datafield tag="375" ind1=" " ind2=" ">
    <marcxml:subfield code="a">Male</marcxml:subfield>
    <marcxml:subfield code="s">18990101</marcxml:subfield>
    <marcxml:subfield code="t">19611201</marcxml:subfield>
    <marcxml:subfield code="2">DLC</marcxml:subfield>
    <marcxml:subfield code="u">http://dlc.source</marcxml:subfield>
  </marcxml:datafield>
  <marcxml:datafield tag="377" ind1=" " ind2="7">
    <marcxml:subfield code="l">fre</marcxml:subfield>
    <marcxml:subfield code="2">DLC</marcxml:subfield>
    <marcxml:subfield code="0">http://dlc.source</marcxml:subfield>
  </marcxml:datafield>
  <marcxml:datafield tag="378" ind1=" " ind2=" ">
    <marcxml:subfield code="q">378 fuller</marcxml:subfield>
  </marcxml:datafield>
	    <marcxml:datafield tag="100" ind1="0" ind2="0">
    <marcxml:subfield code="a">Davis John W.</marcxml:subfield>
    <marcxml:subfield code="b">IV</marcxml:subfield>
    <marcxml:subfield code="c">Dr.</marcxml:subfield>
    <marcxml:subfield code="g">qualifier</marcxml:subfield>
    <marcxml:subfield code="d">1873-1955</marcxml:subfield>
  </marcxml:datafield>
	    <marcxml:datafield tag="400" ind1="1" ind2=" ">
    <marcxml:subfield code="a">Davis, John William,</marcxml:subfield>
    <marcxml:subfield code="d">1873-1955</marcxml:subfield>
  </marcxml:datafield>
	    <marcxml:datafield tag="670" ind1=" " ind2=" ">
    <marcxml:subfield code="a">NUCMC data from Washington and Lee University Lib. for Gaines, F. Papers, 1903-1982</marcxml:subfield>
    <marcxml:subfield code="b">(Davis, John W.)</marcxml:subfield>
  </marcxml:datafield>
	    <marcxml:datafield tag="670" ind1=" " ind2=" ">
    <marcxml:subfield code="a">LC data base, 1-9-89</marcxml:subfield>
    <marcxml:subfield code="b">(hdg.: Davis, John William, 1873-1955; usage: John W. Davis)</marcxml:subfield>
  </marcxml:datafield>
	    <marcxml:datafield tag="670" ind1=" " ind2=" ">
    <marcxml:subfield code="a">Bio. Dir. of Am. Congress, 1774-1961:</marcxml:subfield>
    <marcxml:subfield code="b">p. 785, etc. (Davis, John William; congressman from W. Va., lawyer; U.S. Solicitor General, 1913-1918; ambassador extraordinary to Gt. Britain, 1918-1921; unsuccessful Democratic candidate for president, 1924)</marcxml:subfield>
  </marcxml:datafield>
			<marcxml:datafield tag="678" ind1=" " ind2=" ">
		<marcxml:subfield code="a">Biographical or historical data.</marcxml:subfield>
		<marcxml:subfield code="b">Expansion ...</marcxml:subfield>
		<marcxml:subfield code="u">Uniform Resource Identifier</marcxml:subfield>
	</marcxml:datafield>
</marcxml:record>
